@manual{waldmann2025lab1,
  author      = {Jacques Waldmann},
  title       = {{Lab 1 -- Controle Contínuo com Realimentação de Estado e Ação Integral }},
  year        = {2025},
  institution = {Instituto Tecnológico de Aeronáutica, Divisão de Engenharia Eletrônica},
  note        = {{EES-42/2025 -- Controle Moderno -- ELE}}
}

@article{1213600,
  author      = {Stein, G.},
  journal     = {IEEE Control Systems Magazine}, 
  title       = {Respect the unstable}, 
  year        = {2003},
  volume      = {23},
  number      = {4},
  pages       = {12-25},
  keywords    = {Control systems;Automatic control;Societies;Production facilities;Road transportation;Design engineering;Human factors;Signal processing;Industrial control;Actuators},
  doi         = {10.1109/MCS.2003.1213600}
}

@manual{itae, 
  title        = {Bessel and ITAE pole locations}, 
  organization = {Khajeh Nasir ad-Din Toosi University of Technology},
  note         = {Disponível em: \url{https://wp.kntu.ac.ir/tayefi/documents/LecAC2.pdf}. Acesso em 12 de junho de 2024}
}